

@book{sato2014devops,
	title={DevOps na prática: entrega de software confiável e automatizada},
	author={Sato, Danilo},
	year={2014},
	publisher={Editora Casa do Código}
}

@book{mattiaskane,
	title={Primeiros Passos com Docker: Usando Contêineres em Produção},
	author={Matthias, Karl; Kane, Sean},
	year={2016},
	publisher={Editora Novatec}
}

@book{ibmdevops,
	title={O que é DevOps?},
	author={IBM},
	year={2018},
	publisher={Disponível em: $<$https://www.ibm.com/developerworks/\\ community/blogs/rationalbrasil/entry/o\_que\_devops?lang=en$>$. Acesso em: 12 de fevereiro }
}

@book{gartnerglossario,
	title={Glossário de Ti: DEVOPS},
	author={GARTNER, Group},
	year={2018},
	publisher={Disponível em: $<$https://www.gartner.com/ \\it-glossary/devops$>$. Acesso em 13 de fevereiro }
}

@book{gartnerglobal,
	title={Newsroom: Gartner Says By 2016, DevOps Will Evolve From a Niche to a Mainstream Strategy Employed by 25 Percent of Global 2000 Organizations},
	author={GARTNER, Group},
	year={2018},
	publisher={Disponível em: $<$https://www.gartner.com/newsroom/id/2999017$>$. Acesso em 13 de fevereiro }
}

@book{gaea,
	title={4 Motivos para Usar a Cultura DevOps},
	author={GAEA},
	year={2018},
	publisher={Disponível em: $<$https://gaea.com.br/4-motivos-para-usar-a-cultura-devops/\#$>$. Acesso em: 13 de fevereiro }
}

@book{costa,
	title={DevOps, quem usa? como adotar? o que usar?},
	author={COSTA, Bruna Lima},
	year={2018},
	publisher={Disponível em: $<$https://www.primeinf.com.br/devops-quem-usa-como-adotar-o-que-usar/$>$. Acesso em 13 de fevereiro }
}

@book{hashimoto,
	title={Atlas},
	author={HASHIMOTO, Mitchell},
	year={2018},
	publisher={Disponível em: $<$https://www.hashicorp.com/blog/atlas-announcement$>$. Acesso em 14 de fevereiro }
}

@book{marcelocosta,
	title={Ansible: uma nova opção para gerenciamento de configuração},
	author={COSTA, Marcelo},
	year={2018},
	publisher={Disponível em: $<$https://www.infoq.com/br/news/2013/04/ansible1.1$>$. Acesso em 14 de fevereiro }
}

@book{atalay,
	title={Implantação Contínua via GitLab, Jenkins, Docker e Slack},
	author={ATALAY, Ahmet},
	year={2018},
	publisher={Disponível em: $<$https://www.infoq.com/br/news/2013/04/ansible1.1$>$. Acesso em 14 de fevereiro }
}

@book{mouat,
	title={Usando Docker},
	author={MOUAT, Adrian},
	year={2016},
	publisher={Editora Novatec}
}

@book{scampini,
	title={Docker para desenvolvedores - Que vantagem eu teria com docker? },
	author={SCAMPINI, Romulo},
	year={2018},
	publisher={Disponível em: $<$https://medium.com/thdesenvolvedores/docker-para-desenvolvedores-que-vantagem-eu-teria-com-docker-ee8eb77cfe8d$>$ . Acesso em: 20 de fevereiro }
}

@article{walberg2008automate,
	title={Automate system administration tasks with puppet},
	author={Walberg, Sean},
	journal={Linux Journal},
	volume={2008},
	number={176},
	pages={5},
	year={2008},
	publisher={Belltown Media}
}